<record><leader>02341cam a2200349 a 4500</leader><controlfield tag="001">1309720</controlfield><controlfield tag="008">900808s1985    fr a     b    1   0 fre d</controlfield><datafield ind1=" " ind2=" " tag="010"><subfield code="a">   85223136</subfield></datafield><datafield ind1=" " ind2=" " tag="020"><subfield code="a">2864801779</subfield></datafield><datafield ind1=" " ind2=" " tag="035"><subfield code="a">ocm13499010</subfield></datafield><datafield ind1=" " ind2=" " tag="040"><subfield code="a">DLC</subfield><subfield code="b">eng</subfield><subfield code="c">DLC</subfield></datafield><datafield ind1="0" ind2=" " tag="041"><subfield code="a">frelat</subfield></datafield><datafield ind1=" " ind2=" " tag="043"><subfield code="a">e-fr---</subfield></datafield><datafield ind1=" " ind2=" " tag="049"><subfield code="a">AEU</subfield><subfield code="b">eng</subfield></datafield><datafield ind1="0" ind2="0" tag="050"><subfield code="a">BX4220.F8</subfield><subfield code="b">R45 1985</subfield></datafield><datafield ind1="0" ind2=" " tag="082"><subfield code="a">271/.972/044</subfield><subfield code="2">19</subfield></datafield><datafield ind1="0" ind2=" " tag="090"><subfield code="a">BX 4220 F8 R382 1985</subfield></datafield><datafield ind1="0" ind2="4" tag="245"><subfield code="a">Les Religieuses en France au XIIIe si&#232;cle :</subfield><subfield code="b">table ronde /</subfield><subfield code="c">organis&#233;e par l'Institut d'&#233;tudes m&#233;di&#233;vales de l'Universit&#233; de Nancy II et le C.E.R.C.O.M., 25-26 juin 1983 ; sous la direction de Michel Parisse.</subfield></datafield><datafield ind1=" " ind2=" " tag="260"><subfield code="a">[Nancy] :</subfield><subfield code="b">Presses universitaires de Nancy,</subfield><subfield code="c">1985.</subfield></datafield><datafield ind1=" " ind2=" " tag="300"><subfield code="a">300 p. :</subfield><subfield code="b">ill. ;</subfield><subfield code="c">24 cm.</subfield></datafield><datafield ind1=" " ind2=" " tag="336"><subfield code="a">text</subfield><subfield code="b">txt</subfield><subfield code="2">rdacontent</subfield></datafield><datafield ind1=" " ind2=" " tag="337"><subfield code="a">unmediated</subfield><subfield code="b">n</subfield><subfield code="2">rdamedia</subfield></datafield><datafield ind1=" " ind2=" " tag="338"><subfield code="a">volume</subfield><subfield code="b">nc</subfield><subfield code="2">rdacarrier</subfield></datafield><datafield ind1=" " ind2=" " tag="504"><subfield code="a">Includes bibliographies.</subfield></datafield><datafield ind1="0" ind2=" " tag="505"><subfield code="a">Les religieuses en Champagne jusqu'au XIIIe si&#232;cle / par Jackie Lusse -- Les fondations, l'organisation et l'&#233;volution des &#233;tablissements de moniales dans le dioc&#232;se d'Angers (du XIe au XIIIe si&#232;cle) / par Joseph Avril -- Les religieuses dans le dioc&#232;se de Limoges au XIIIe si&#232;cle / par Jean Becquet -- Le monast&#232;re de La Celle les Brignoles (Var) au XIIIe si&#232;cle / par Paulette L'Hermite-Leclercq -- Les dominicaines en France au XIIIe si&#232;cle / par Micheline de Fontette -- Les religieuses de la congr&#233;gation de la Chaise-Dieu / par Pierre-Roger Gaussin -- Les b&#233;guines dans le Nord de la France au premi&#232;re si&#232;cle de leur histoire (vers 1230-vers 1350) / par Bernard Delmaire -- N&#233;crologes et obituaires des religieuses en France / par Jean-Loup Lema&#238;tre -- Les religieuses dans une encyclop&#233;die du XIIIe si&#232;cle / par Monique Paulmier-Foucart -- Quatre sermons ad religiosas de Jacques de Vitry / par Jean Long&#232;re.</subfield></datafield><datafield ind1=" " ind2=" " tag="596"><subfield code="a">43</subfield></datafield><datafield ind1=" " ind2="0" tag="650"><subfield code="a">Monasticism and religious orders for women</subfield><subfield code="z">France</subfield><subfield code="x">History</subfield><subfield code="v">Congresses.</subfield></datafield><datafield ind1=" " ind2="0" tag="651"><subfield code="a">France</subfield><subfield code="x">Church history</subfield><subfield code="y">987-1515</subfield><subfield code="v">Congresses.</subfield></datafield><datafield ind1="1" ind2=" " tag="700"><subfield code="a">Parisse, Michel.</subfield></datafield><datafield ind1="2" ind2=" " tag="710"><subfield code="a">Universit&#233; de Nancy II.</subfield><subfield code="b">Institut d'&#233;tudes m&#233;di&#233;vales.</subfield></datafield><datafield ind1="2" ind2=" " tag="710"><subfield code="a">Centre europ&#233;en de recherches sur les congr&#233;gations et ordres monastiques.</subfield></datafield><datafield ind1=" " ind2=" " tag="926"><subfield code="a">BX 4220 F8 R382 1985</subfield><subfield code="w">LC</subfield><subfield code="c">1</subfield><subfield code="i">000033433616</subfield><subfield code="d">2/3/2008</subfield><subfield code="e">10/1/2007</subfield><subfield code="l">ON_SHELF</subfield><subfield code="m">UAHSS</subfield><subfield code="n">15</subfield><subfield code="p">$150.00</subfield><subfield code="r">Y</subfield><subfield code="s">Y</subfield><subfield code="t">BOOK</subfield><subfield code="u">8/14/1990</subfield></datafield></record>